% Encoding: UTF-8

@online {samsung_what_is_a_graphics_api,
    author = {Samsung},
    title = {What is a Graphics API},
    year = {???},
    url = {https://developer.samsung.com/tech-insights/vulkan/what-is-a-graphics-api},
    urldate = {22.01.2019}
}

@online {intel_i7_9700k_processor,
    author = {Intel},
    title = {Intel® Core™ i7-9700K Prozessor},
    year = {???},
    url = {https://www.intel.de/content/www/de/de/products/processors/core/i7-processors/i7-9700k.html},
    urldate = {22.01.2019}
}

@online {nvidia_gtx_1080_gpu,
    author = {Nvidia},
    title = {GEFORCE GTX 1080},
    year = {???},
    url = {https://www.nvidia.com/de-de/geforce/products/10series/geforce-gtx-1080/},
    urldate = {22.01.2019}
}

@Comment{jabref-meta: databaseType:bibtex;}
